@misc{fca2022consumerduty,
  author = {Financial Conduct Authority},
  year = {2022},
  title = {A New Consumer Duty},
  url = {https://www.fca.org.uk/publications/policy-statements/ps22-9-new-consumer-duty},
  note = {Accessed April 2025}
}

@misc{fca2023ai,
  author = {Financial Conduct Authority},
  year = {2023},
  title = {AI Update: FCA’s Regulatory Approach to Artificial Intelligence},
  url = {https://www.fca.org.uk/publication/corporate/ai-update.pdf},
  note = {Accessed April 2025}
}

@misc{deepseek2023,
  author = {{DeepSeek AI}},
  year = {2023},
  title = {DeepSeek-V2: Technical Overview and Open Capabilities},
  url = {https://blog.deepseek.com/deepseek-v2-intro},
  note = {Accessed April 2025}
}

@misc{meta2024llama3,
  author = {Meta AI},
  year = {2024},
  title = {Llama 3: Open Foundation and Instruction-Tuned Models},
  url = {https://ai.meta.com/llama/},
  note = {Accessed April 2025}
}

@article{arner2017regtech,
  author = {Arner, Douglas W. and Barberis, Janos and Buckley, Ross P.},
  year = {2017},
  title = {Fintech, Regtech and the Reconceptualization of Financial Regulation},
  journal = {Northwestern Journal of International Law and Business},
  volume = {37},
  number = {3},
  pages = {371--413}
}

@article{breden2020ai,
  author = {Breden, Felix and Studer, Thomas and Woelke, Jan},
  year = {2020},
  title = {AI in Financial Regulation: Benefits and Challenges},
  journal = {Journal of Financial Transformation},
  volume = {52},
  pages = {94--104}
}

@misc{fca2023,
  author = {Financial Conduct Authority},
  year = {2023},
  title = {Consumer Duty Implementation Review},
  url = {https://www.fca.org.uk/publications/research/consumer-duty-first-phase-review},
  note = {Accessed April 2025}
}

@article{lewis2020rag,
  author = {Lewis, Patrick and Perez, Ethan and Piktus, Aleksandra and Petroni, Fabio and Karpukhin, Vladimir and Goyal, Naman and Kulkarni, Mandar and Lewis, Mike and Yih, Wen-tau and Rocktäschel, Tim and others},
  title = {Retrieval-augmented generation for knowledge-intensive NLP tasks},
  journal = {Advances in Neural Information Processing Systems},
  volume = {33},
  pages = {9459--9474},
  year = {2020}
}

@article{chalkidis2020legalbert,
  author = {Chalkidis, Ilias and Fergadiotis, Manos and Malakasiotis, Prodromos and Aletras, Nikolaos and Androutsopoulos, Ion},
  title = {Legal-BERT: The Muppets straight out of Law School},
  journal = {arXiv preprint arXiv:2010.02559},
  year = {2020}
}

@article{karpukhin2020dense,
  title={Dense passage retrieval for open-domain question answering},
  author={Karpukhin, Vladimir and Oguz, Barlas and Min, Sewon and Lewis, Patrick and Wu, Ledell and Edunov, Sergey and Chen, Danqi and Yih, Wen-tau},
  journal={Proceedings of the 2020 Conference on Empirical Methods in Natural Language Processing (EMNLP)},
  year={2020},
  pages={6769--6781}
}

@article{zhong2020jec,
  author = {Zhong, Zhipeng and Xiao, Chang and Zha, Dawei and Wang, Wei and Zhang, Hongyu and Lyu, Ling},
  title = {JEC-QA: Legal Judgment Prediction via Question Answering},
  journal = {Proceedings of the AAAI Conference on Artificial Intelligence},
  year = {2020},
  volume = {34},
  number = {05},
  pages = {13405--13412}
}

@article{zhang2023regtech,
  author = {Zhang, Xinyi and Lin, Hao and Chen, Zhiming},
  title = {AI in Financial Compliance: Opportunities and Barriers},
  journal = {Journal of Finance and Data Science},
  year = {2023},
  volume = {9},
  number = {1},
  pages = {1--17}
}

@misc{stevenson2023,
  author = {Stevenson, Joe},
  year = {2023},
  title = {What does FCA's Consumer Duty really mean for banks?},
  url = {https://www.pwc.co.uk/industries/financial-services/consumer-duty.html},
  note = {Accessed April 2025}
}

@article{ji2023hallucination,
  author = {Ji, Zhepeng and Lee, Nayeon and Fries, Jason A. and others},
  title = {Survey of Hallucination in Natural Language Generation},
  journal = {ACM Computing Surveys},
  year = {2023},
  volume = {55},
  number = {12},
  pages = {1--38}
}

@article{binns2018responsible,
  author = {Binns, Reuben and Veale, Michael and Van Kleek, Max and Shadbolt, Nigel},
  title = {‘It's Reducing a Human Being to a Percentage’: Perceptions of Justice in Algorithmic Decisions},
  journal = {Proceedings of the 2018 CHI Conference on Human Factors in Computing Systems},
  year = {2018},
  pages = {1--14}
}

@article{nori2023capabilities,
  title={Capabilities of GPT-4 on Medical Challenge Problems},
  author={Nori, Harsha and King, Nicholas and McKinney, Scott M and Carignan, Daniel and Horvitz, Eric},
  journal={arXiv preprint arXiv:2303.13375},
  year={2023},
  url={https://arxiv.org/abs/2303.13375},
  note={Accessed April 2025}
}
